<record><leader>00000cas a22000007a 4500</leader><controlfield tag="001">18347013</controlfield><controlfield tag="008">880812d18941895aruwr ne      0    0eng d</controlfield><datafield ind1=" " ind2=" " tag="010"><subfield code="a">sn 88051061 </subfield></datafield><datafield ind1=" " ind2=" " tag="040"><subfield code="a">ANU</subfield><subfield code="b">eng</subfield><subfield code="c">ANU</subfield><subfield code="d">OCLCQ</subfield></datafield><datafield ind1=" " ind2=" " tag="042"><subfield code="a">msc</subfield></datafield><datafield ind1="0" ind2="0" tag="245"><subfield code="a">Cherokee City advance.</subfield></datafield><datafield ind1="3" ind2="0" tag="246"><subfield code="a">Cherokee advance</subfield></datafield><datafield ind1="1" ind2="3" tag="246"><subfield code="a">Advance-echo</subfield></datafield><datafield ind1=" " ind2=" " tag="260"><subfield code="a">Cherokee City, Benton County, Ark. :</subfield><subfield code="b">A.B. Collins</subfield></datafield><datafield ind1=" " ind2=" " tag="300"><subfield code="a">v.</subfield></datafield><datafield ind1=" " ind2=" " tag="310"><subfield code="a">Weekly</subfield></datafield><datafield ind1="1" ind2=" " tag="362"><subfield code="a">Began in 1894.</subfield></datafield><datafield ind1="0" ind2=" " tag="362"><subfield code="a">-v. 1, no. 41 (July 19, 1895).</subfield></datafield><datafield ind1=" " ind2=" " tag="500"><subfield code="a">Published as: Cherokee advance, &lt;July 19, 1895&gt;.</subfield></datafield><datafield ind1=" " ind2=" " tag="588"><subfield code="a">Description based on: Vol. 1, no. 3 (Oct. 26, 1894).</subfield></datafield><datafield ind1=" " ind2=" " tag="752"><subfield code="a">United States</subfield><subfield code="b">Arkansas</subfield><subfield code="c">Benton</subfield><subfield code="d">Cherokee City.</subfield></datafield><datafield ind1="0" ind2="0" tag="785"><subfield code="t">Decatur advance</subfield><subfield code="w">(DLC)sn 88051060</subfield></datafield><datafield ind1="1" ind2=" " tag="029"><subfield code="a">AU@</subfield><subfield code="b">000025804401</subfield></datafield></record>